% This file was created with JabRef 2.9b2.
% Encoding: UTF-8

@ARTICLE{Buchan2013,
  author = {A.G. Buchan and C.C. Pain and F. Fang and I.M. Navon},
  title = {A POD Reduced-Order Model for Eigenvalue Problems with Application
	to Reactor Physics},
  journal = {International Journal for Numerical Methods in Engineering},
  year = {2013},
  volume = {95},
  pages = {1011-1032},
  month = {July}
}

@INCOLLECTION{Dony2001,
  author = {R.D. Dony},
  title = {Karhunen-Lo\'{e}ve Transform},
  booktitle = {The Transform and Data Compression Handbook},
  publisher = {CRC Press LLC},
  year = {2001},
  editor = {K.R. Rao and P.C. Yip},
  chapter = {1}
}

@PHDTHESIS{forget2006tdh,
  author = {Forget, B.},
  title = {{A Three Dimensional Heterogeneous Coarse Mesh Transport Method for
	Reactor Calculations}},
  school = {Georgia Institute of Technology},
  year = {2006},
  keywords = {coarse mesh, response matrix},
  owner = {Jeremy Roberts},
  timestamp = {2009.12.02}
}

@ARTICLE{ishii2009tdd,
  author = {Ishii, K. and Hino, T. and Mitsuyasu, T. and Aoyama, M.},
  title = {{Three-Dimensional Direct Response Matrix Method Using A Monte Carlo
	Calculation}},
  journal = {Journal of Nuclear Science and Technology},
  year = {2009},
  volume = {46},
  pages = {259--267},
  number = {3},
  keywords = {response matrix},
  publisher = {J-STAGE}
}

@ARTICLE{Meyer2002,
  author = {Marcus Meyer and Hermann G. Matthies},
  title = {Efficient Model Reduction in Non-linear Dynamics Using the Karhunen-Lo\'{e}ve
	Expansion and Dual-Weighted-Residual Methods},
  journal = {Computational Mechanics},
  year = {2002},
  month = {December}
}

@ARTICLE{Neuman1974,
  author = {C.P. Neuman and D.I.Schonbach},
  title = {Discrete(Legendre) Orthogonal Polynomials-A Survey},
  journal = {International Journal for Numberical Methods in Engineering},
  year = {1974},
  volume = {8},
  pages = {743-770},
  number = {0029-5981}
}

@PHDTHESIS{Roberts2014,
  author = {J. Roberts},
  title = {Advanced Response Matrix Methods for Full Core Analysis},
  school = {Massachusetts Institute of Technology},
  year = {2014}
}

@ARTICLE{RobertsDetran,
  author = {J.A. Roberts and B. Forget},
  title = {Multigroup Diffusion Preconditioners for Multiplying Fixed-Source
	Transport Problems},
  journal = {Submitted to Journal of Computational Physics},
  year = {2014},
  owner = {richard},
  quality = {1},
  timestamp = {2014.01.30}
}

@article{RobertsSerment,
  title={Solving Eigenvalue Response Matrix Equations with Nonlinear Techniques},
  author={Roberts, J. A. and Forget, B.},
  journal={Annals of Nuclear Energy (In Press)},
  volume = {69},
  month = {July},
  pages = {97-107},
  year={2014}
}

@ARTICLE{Sirovich1987,
  author = {L. Sirovich},
  title = {Turbulence and the Dynamics of Coherent Structures, part III; Dynamics
	and Scaling},
  journal = {Quarterly of Applied Mathematics},
  year = {1987},
  volume = {45},
  pages = {583-590},
  owner = {richard},
  quality = {1},
  timestamp = {2014.01.21}
}

@TECHREPORT{Scale,
  title = {SCALE: A Modular Code System for Performing Standardized Computer
	Analyses for Licensing Evaluations},
  institution = {Available from Radiation Safety Information Computational Center at Oak Ridge National
	Laborarory as CCC-723},
  year = {2006},
  number = {ORNL/TM-2005/39, Version 5.1, Vols. I-III},
  month = {November},
  owner = {richard},
  quality = {1},
  timestamp = {2014.02.28}
}

